<record><leader>00000cas a2200000 i 4500</leader><controlfield tag="001">26876954</controlfield><controlfield tag="008">921028d19201921scuwr ne      0    0eng c</controlfield><datafield ind1=" " ind2=" " tag="010"><subfield code="a">sn 92065678 </subfield></datafield><datafield ind1=" " ind2=" " tag="040"><subfield code="a">SVN</subfield><subfield code="b">eng</subfield><subfield code="e">rda</subfield><subfield code="c">SVN</subfield><subfield code="d">OCLCQ</subfield><subfield code="d">SUC</subfield><subfield code="d">OCLCF</subfield><subfield code="d">SUC</subfield><subfield code="d">OCL</subfield></datafield><datafield ind1=" " ind2=" " tag="042"><subfield code="a">msc</subfield></datafield><datafield ind1=" " ind2=" " tag="043"><subfield code="a">n-us-sc</subfield></datafield><datafield ind1="0" ind2=" " tag="130"><subfield code="a">Carolinian (Saint Matthews, S.C.)</subfield></datafield><datafield ind1="1" ind2="4" tag="245"><subfield code="a">The Carolinian.</subfield></datafield><datafield ind1=" " ind2="1" tag="264"><subfield code="a">St. Matthews, S.C. :</subfield><subfield code="b">St. Matthews Publishing Co.</subfield></datafield><datafield ind1=" " ind2=" " tag="300"><subfield code="a">volumes</subfield></datafield><datafield ind1=" " ind2=" " tag="310"><subfield code="a">Weekly</subfield></datafield><datafield ind1=" " ind2=" " tag="336"><subfield code="a">text</subfield><subfield code="2">rdacontent</subfield></datafield><datafield ind1=" " ind2=" " tag="337"><subfield code="a">unmediated</subfield><subfield code="2">rdamedia</subfield></datafield><datafield ind1=" " ind2=" " tag="338"><subfield code="a">volume</subfield><subfield code="2">rdacarrier</subfield></datafield><datafield ind1="1" ind2=" " tag="362"><subfield code="a">Began in 1920? Ceased in 1921.</subfield></datafield><datafield ind1=" " ind2=" " tag="588"><subfield code="a">Description based on: Vol. XIII, No. 43 (July 14, 1920); title from masthead.</subfield></datafield><datafield ind1=" " ind2=" " tag="588"><subfield code="a">Latest issue consulted: Vol. XIV, Number 35 (May 25th, 1921).</subfield></datafield><datafield ind1=" " ind2="0" tag="651"><subfield code="a">Saint Matthews (S.C.)</subfield><subfield code="v">Newspapers.</subfield></datafield><datafield ind1=" " ind2="0" tag="651"><subfield code="a">Calhoun County (S.C.)</subfield><subfield code="v">Newspapers.</subfield></datafield><datafield ind1=" " ind2="7" tag="651"><subfield code="a">South Carolina</subfield><subfield code="z">Saint Matthews.</subfield><subfield code="2">fast</subfield><subfield code="0">(OCoLC)fst01221988</subfield></datafield><datafield ind1=" " ind2="7" tag="651"><subfield code="a">South Carolina</subfield><subfield code="z">Calhoun County.</subfield><subfield code="2">fast</subfield><subfield code="0">(OCoLC)fst01216895</subfield></datafield><datafield ind1=" " ind2="7" tag="655"><subfield code="a">Newspapers.</subfield><subfield code="2">fast</subfield><subfield code="0">(OCoLC)fst01423814</subfield></datafield><datafield ind1=" " ind2=" " tag="752"><subfield code="a">United States</subfield><subfield code="b">South Carolina</subfield><subfield code="c">Calhoun</subfield><subfield code="d">Saint Matthews.</subfield></datafield><datafield ind1="0" ind2="0" tag="780"><subfield code="t">Calhoun advance</subfield><subfield code="w">(DLC)sn 92065662</subfield><subfield code="w">(OCoLC)26876943</subfield></datafield><datafield ind1="0" ind2="0" tag="785"><subfield code="t">Calhoun times (Saint Matthews, S.C.)</subfield><subfield code="w">(DLC)sn 86063750</subfield><subfield code="w">(OCoLC)13640477</subfield></datafield></record>